<collection xmlns="http://www.loc.gov/MARC21/slim">
   <record>
      <leader>03010cam a2200541 i 45 0</leader>
      <controlfield tag="001">6774813</controlfield>
      <controlfield tag="003">OCoLC</controlfield>
      <controlfield tag="005">20150804125739.0</controlfield>
      <controlfield tag="008">150129s2015    bcc      b    001 0 eng  </controlfield>
      <datafield ind1=" " ind2=" " tag="016">
         <subfield code="a">20159007321</subfield>
      </datafield>
      <datafield ind1=" " ind2=" " tag="020">
         <subfield code="a">9780774828611 (bound)</subfield>
      </datafield>
      <datafield ind1=" " ind2=" " tag="020">
         <subfield code="a">0774828617 (bound)</subfield>
      </datafield>
      <datafield ind1=" " ind2=" " tag="035">
         <subfield code="a">ocn895730932</subfield>
      </datafield>
      <datafield ind1=" " ind2=" " tag="040">
         <subfield code="a">NLC</subfield>
         <subfield code="b">eng</subfield>
         <subfield code="e">rda</subfield>
         <subfield code="c">NLC</subfield>
         <subfield code="d">BTCTA</subfield>
         <subfield code="d">OCLCO</subfield>
         <subfield code="d">YDXCP</subfield>
         <subfield code="d">OCLCF</subfield>
         <subfield code="d">BDX</subfield>
         <subfield code="d">CDX</subfield>
         <subfield code="d">AFMK</subfield>
      </datafield>
      <datafield ind1=" " ind2=" " tag="043">
         <subfield code="a">n-cn---</subfield>
      </datafield>
      <datafield ind1=" " ind2="0" tag="055">
         <subfield code="a">KE4199</subfield>
         <subfield code="b">P38 2015</subfield>
      </datafield>
      <datafield ind1="0" ind2="6" tag="055">
         <subfield code="a">KF4482</subfield>
         <subfield code="b">P38 2015</subfield>
         <subfield code="2">kfmod</subfield>
      </datafield>
      <datafield ind1="0" ind2="4" tag="082">
         <subfield code="a">342.7102/9</subfield>
         <subfield code="2">23</subfield>
      </datafield>
      <datafield ind1=" " ind2=" " tag="090">
         <subfield code="a">KF 4482 P38 2015</subfield>
         <subfield code="b">ARDC</subfield>
      </datafield>
      <datafield ind1=" " ind2=" " tag="090">
         <subfield code="a">KF 4482 P38 2015</subfield>
         <subfield code="b">AGPC</subfield>
      </datafield>
      <datafield ind1=" " ind2=" " tag="090">
         <subfield code="a">KE 4199 P38 2015</subfield>
         <subfield code="b">AFMK</subfield>
      </datafield>
      <datafield ind1=" " ind2=" " tag="090">
         <subfield code="a">KE 4199 P38 2015</subfield>
         <subfield code="b">AEE</subfield>
      </datafield>
      <datafield ind1=" " ind2=" " tag="090">
         <subfield code="a">KF 4482 P38 2015</subfield>
         <subfield code="b">AEU</subfield>
      </datafield>
      <datafield ind1="0" ind2="0" tag="245">
         <subfield code="a">Patriation and its consequences :</subfield>
         <subfield code="b">constitution making in Canada /</subfield>
         <subfield code="c">edited by Lois Harder and Steve Patten.</subfield>
      </datafield>
      <datafield ind1=" " ind2="1" tag="264">
         <subfield code="a">Vancouver ;</subfield>
         <subfield code="a">Toronto :</subfield>
         <subfield code="b">UBC Press,</subfield>
         <subfield code="c">2015.</subfield>
      </datafield>
      <datafield ind1=" " ind2=" " tag="300">
         <subfield code="a">ix, 342 pages ;</subfield>
         <subfield code="c">23 cm.</subfield>
      </datafield>
      <datafield ind1=" " ind2=" " tag="336">
         <subfield code="a">text</subfield>
         <subfield code="b">txt</subfield>
         <subfield code="2">rdacontent</subfield>
         <subfield code="0">http://id.loc.gov/vocabulary/contentTypes/txt</subfield>
      </datafield>
      <datafield ind1=" " ind2=" " tag="337">
         <subfield code="a">unmediated</subfield>
         <subfield code="b">n</subfield>
         <subfield code="2">rdamedia</subfield>
         <subfield code="0">http://id.loc.gov/vocabulary/mediaTypes/n</subfield>
      </datafield>
      <datafield ind1=" " ind2=" " tag="338">
         <subfield code="a">volume</subfield>
         <subfield code="b">nc</subfield>
         <subfield code="2">rdacarrier</subfield>
         <subfield code="0">http://id.loc.gov/vocabulary/carriers/nc</subfield>
      </datafield>
      <datafield ind1=" " ind2=" " tag="504">
         <subfield code="a">Includes bibliographical references and index.</subfield>
      </datafield>
      <datafield ind1=" " ind2=" " tag="530">
         <subfield code="a">Issued also in electronic format.</subfield>
      </datafield>
      <datafield ind1=" " ind2=" " tag="596">
         <subfield code="a">2 8 16 28 35 45</subfield>
      </datafield>
      <datafield ind1="1" ind2="0" tag="610">
         <subfield code="a">Canada.</subfield>
         <subfield code="t">Constitution Act, 1982.</subfield>
         <subfield code="0">http://id.loc.gov/authorities/names/n83233533</subfield>
      </datafield>
      <datafield ind1=" " ind2="0" tag="650">
         <subfield code="a">Constitutional history</subfield>
         <subfield code="z">Canada.</subfield>
         <subfield code="0">http://id.loc.gov/authorities/subjects/sh2008101598</subfield>
      </datafield>
      <datafield ind1=" " ind2="0" tag="650">
         <subfield code="a">Constitutional amendments</subfield>
         <subfield code="z">Canada.</subfield>
         <subfield code="0">http://id.loc.gov/authorities/subjects/sh2009121457</subfield>
      </datafield>
      <datafield ind1=" " ind2="5" tag="650">
         <subfield code="a">Federal-provincial relations</subfield>
         <subfield code="z">Canada.</subfield>
      </datafield>
      <datafield ind1=" " ind2="5" tag="651">
         <subfield code="a">Canada</subfield>
         <subfield code="x">Politics and government</subfield>
         <subfield code="y">1980-1984.</subfield>
      </datafield>
      <datafield ind1="1" ind2=" " tag="700">
         <subfield code="a">Patten, Steve,</subfield>
         <subfield code="d">1961-</subfield>
         <subfield code="e">author,</subfield>
         <subfield code="e">editor.</subfield>
         <subfield code="0">http://id.loc.gov/authorities/names/nb2007000750</subfield>
         <subfield code="0">http://viaf.org/viaf/38900427</subfield>
      </datafield>
      <datafield ind1="1" ind2=" " tag="700">
         <subfield code="a">Harder, Lois,</subfield>
         <subfield code="d">1966-</subfield>
         <subfield code="e">author,</subfield>
         <subfield code="e">editor.</subfield>
         <subfield code="0">http://id.loc.gov/authorities/names/no2003099413</subfield>
         <subfield code="0">http://viaf.org/viaf/119544450</subfield>
      </datafield>
      <datafield ind1=" " ind2=" " tag="758">
         <subfield code="0">http://worldcat.org/entity/work/id/3374973138</subfield>
      </datafield>
      <datafield ind1="1" ind2=" " tag="776">
         <subfield code="t">Patriation and its consequences.</subfield>
         <subfield code="w">(CaOONL)2015900733X</subfield>
      </datafield>
      <datafield ind1="0" ind2=" " tag="787">
         <subfield code="n">OCLC Work Id</subfield>
         <subfield code="o">http://worldcat.org/entity/work/id/3374973138</subfield>
      </datafield>
      <datafield ind1=" " ind2=" " tag="926">
         <subfield code="a">KE 4199 P38 2015</subfield>
         <subfield code="w">LC</subfield>
         <subfield code="c">1</subfield>
         <subfield code="i">34917001375901</subfield>
         <subfield code="d">11/28/2015</subfield>
         <subfield code="l">ON_SHELF</subfield>
         <subfield code="m">KEYANO</subfield>
         <subfield code="p">$92.07</subfield>
         <subfield code="q">1</subfield>
         <subfield code="r">Y</subfield>
         <subfield code="s">Y</subfield>
         <subfield code="t">BOOK</subfield>
         <subfield code="u">1/13/2015</subfield>
         <subfield code="o">.STAFF. Rec'd Jul/15 MW</subfield>
      </datafield>
      <datafield ind1=" " ind2=" " tag="926">
         <subfield code="a">KF 4482 P38 2015</subfield>
         <subfield code="w">LC</subfield>
         <subfield code="c">1</subfield>
         <subfield code="i">31847001280699</subfield>
         <subfield code="l">ON_SHELF</subfield>
         <subfield code="m">GPRC_GP</subfield>
         <subfield code="p">$150.00</subfield>
         <subfield code="r">Y</subfield>
         <subfield code="s">Y</subfield>
         <subfield code="t">BOOK</subfield>
         <subfield code="u">4/22/2015</subfield>
      </datafield>
      <datafield ind1=" " ind2=" " tag="926">
         <subfield code="a">KE 4199 P38 2015</subfield>
         <subfield code="w">LC</subfield>
         <subfield code="c">1</subfield>
         <subfield code="i">0163310434820</subfield>
         <subfield code="d">2/4/2016</subfield>
         <subfield code="e">1/29/2016</subfield>
         <subfield code="l">ON_SHELF</subfield>
         <subfield code="m">AGL_CAP</subfield>
         <subfield code="n">6</subfield>
         <subfield code="r">Y</subfield>
         <subfield code="s">Y</subfield>
         <subfield code="t">BOOK</subfield>
         <subfield code="u">10/2/2015</subfield>
      </datafield>
      <datafield ind1=" " ind2=" " tag="926">
         <subfield code="a">KF 4482 P38 2015</subfield>
         <subfield code="w">LC</subfield>
         <subfield code="c">1</subfield>
         <subfield code="i">30125302468284</subfield>
         <subfield code="l">FLOOR_2</subfield>
         <subfield code="m">RED_DEER_C</subfield>
         <subfield code="r">Y</subfield>
         <subfield code="s">Y</subfield>
         <subfield code="t">BOOK</subfield>
         <subfield code="u">10/14/2015</subfield>
         <subfield code="o">.STAFF. Political science donation r.b.</subfield>
      </datafield>
      <datafield ind1=" " ind2=" " tag="926">
         <subfield code="a">KF 4482 P38 2015</subfield>
         <subfield code="w">LC</subfield>
         <subfield code="c">1</subfield>
         <subfield code="i">0162034866499</subfield>
         <subfield code="d">1/31/2017</subfield>
         <subfield code="e">1/31/2017</subfield>
         <subfield code="k">CHECKEDOUT</subfield>
         <subfield code="l">ON_SHELF</subfield>
         <subfield code="m">UALAW</subfield>
         <subfield code="n">6</subfield>
         <subfield code="p">$150.00</subfield>
         <subfield code="r">M</subfield>
         <subfield code="s">Y</subfield>
         <subfield code="t">BOOK</subfield>
         <subfield code="u">11/4/2015</subfield>
         <subfield code="z">COUTTS_ADD</subfield>
      </datafield>
      <datafield ind1=" " ind2=" " tag="926">
         <subfield code="a">KF 4482 P38 2015</subfield>
         <subfield code="w">LC</subfield>
         <subfield code="c">1</subfield>
         <subfield code="i">0162034868669</subfield>
         <subfield code="d">3/28/2017</subfield>
         <subfield code="e">3/28/2017</subfield>
         <subfield code="k">CHECKEDOUT</subfield>
         <subfield code="l">ON_SHELF</subfield>
         <subfield code="m">UAAUG</subfield>
         <subfield code="n">2</subfield>
         <subfield code="p">$150.00</subfield>
         <subfield code="r">M</subfield>
         <subfield code="s">Y</subfield>
         <subfield code="t">BOOK</subfield>
         <subfield code="u">11/4/2015</subfield>
         <subfield code="z">COUTTS_ADD</subfield>
      </datafield>
   </record>
</collection>
